<record><leader>00000cas a22000007a 4500</leader><controlfield tag="001">17941248</controlfield><controlfield tag="008">880512d19591977ohuwr ne      0    0eng d</controlfield><datafield ind1=" " ind2=" " tag="010"><subfield code="a">sn 88077476 </subfield></datafield><datafield ind1=" " ind2=" " tag="040"><subfield code="a">ONP</subfield><subfield code="b">eng</subfield><subfield code="c">ONP</subfield><subfield code="d">OCLCQ</subfield></datafield><datafield ind1=" " ind2=" " tag="042"><subfield code="a">msc</subfield></datafield><datafield ind1="0" ind2=" " tag="130"><subfield code="a">Warren County reporter (Lebanon, Warren County, Ohio)</subfield></datafield><datafield ind1="1" ind2="0" tag="245"><subfield code="a">Warren County reporter.</subfield></datafield><datafield ind1=" " ind2=" " tag="260"><subfield code="a">[Lebanon, Ohio] :</subfield><subfield code="b">Gardiner-Serey Pub. Co.,</subfield><subfield code="c">1959-</subfield></datafield><datafield ind1=" " ind2=" " tag="310"><subfield code="a">Weekly,</subfield><subfield code="b">&lt;1961-1977&gt;</subfield></datafield><datafield ind1=" " ind2=" " tag="321"><subfield code="a">Semimonthly,</subfield><subfield code="b">Apr. 7, 1959-&lt;1960&gt;</subfield></datafield><datafield ind1="0" ind2=" " tag="362"><subfield code="a">Vol. 1, no. 1 (Apr. 7, 1959)-</subfield></datafield><datafield ind1="1" ind2=" " tag="362"><subfield code="a">Ceased in 1977?</subfield></datafield><datafield ind1=" " ind2=" " tag="752"><subfield code="a">United States</subfield><subfield code="b">Ohio</subfield><subfield code="c">Warren</subfield><subfield code="d">Lebanon.</subfield></datafield></record>